<?xml version="1.0" encoding="UTF-8"?><collection xmlns="http://www.loc.gov/MARC21/slim"><record><leader>00582nam--2200205-u-4500</leader><controlfield tag="001">000055148</controlfield><controlfield tag="002">20161230</controlfield><controlfield tag="005">20161230201052</controlfield><controlfield tag="008">121107s1000------------r-----000-0-rus-d</controlfield><datafield ind1=" " ind2=" " tag="040"><subfield code="a">IFIN-HH</subfield></datafield><datafield ind1=" " ind2=" " tag="041"><subfield code="a">rus</subfield></datafield><datafield ind1=" " ind2=" " tag="080"><subfield code="a">539.2</subfield></datafield><datafield ind1="1" ind2=" " tag="100"><subfield code="a">Ievarestov, R.A</subfield></datafield><datafield ind1="1" ind2="0" tag="245"><subfield code="a">Molekuliarnie modeli tocecinih defektov v sirokoselevih tverdih telah</subfield><subfield code="c">R.a. ievarestov, e.a. kotomin, a.n. ermoskih</subfield></datafield><datafield ind1=" " ind2=" " tag="260"><subfield code="a">Riga</subfield><subfield code="b">Zinatne</subfield><subfield code="c">1983</subfield></datafield><datafield ind1=" " ind2=" " tag="300"><subfield code="a">287P</subfield></datafield><datafield ind1=" " ind2=" " tag="490"><subfield code="a">Seria Fizika Tverdogo Sostoiania</subfield></datafield><datafield ind1="1" ind2=" " tag="700"><subfield code="a">Ermoskih, A.N</subfield></datafield><datafield ind1=" " ind2=" " tag="852"><subfield code="a">71771</subfield><subfield code="c">539.2</subfield></datafield><datafield ind1=" " ind2=" " tag="CAT"><subfield code="a">Sys</subfield><subfield code="c">20121107</subfield><subfield code="h">142801</subfield></datafield></record></collection>